@misc{xgu:website,
    author = "Xgu.ru",
    title = "Точка обмена знаниями по UNIX/Linux-системам, системам с открытым исходным кодом, сетям и другим родственным вещам.",
    month = "Май",
    year = 2016,
    note = "Режим доступа: \url{https://xgu.ru}"
}  
   
@misc{cisco:webcite,
   	author = "Cisco Systems",
   	title = "Точка обмена знаниями по UNIX/Linux-системам, системам с открытым исходным кодом, сетям и другим родственным вещам.",
   	month = "Май",
   	year = 2016,
   	note = "Режим доступа: \url{www.cisco.com/c/ru_ru/index.html}"
}  

@book{gost-19.201-78,
	author = "ГОСТ 19.201-78",
	title = "Техническое задание, требования к содержанию и оформлению"
}

@book{gost-19.102-77,
	author = "ГОСТ 19.102-77 ЕСПД",
	title = "Стадии разработки"
}

@book{gost-19.104-78,
	author = "ГОСТ 19.104-78 ЕСПД",
	title = "Основные надписи"
}

@book{gost-19.105-78,
	author = "ГОСТ 19.105-78 ЕСПД",
	title = "Общие требования к программным документам"
}

@book{gost-19.106-78,
	author = "ГОСТ 19.106-78 ЕСПД",
	title = "Требования к программным документам, выполненным печатным способом"
}

@book{gost-28195-89,
	author = "ГОСТ 28195-89",
	title = "Оценка качества программных средств. Общие положения"
}

@book{gost-19.781-90,
	author = "ГОСТ 19.781-90",
	title = "Обеспечение систем обработки информации программное. Термины и определения"
}

@book{gostr-9294,
	author = "ГОСТ Р ИСО/МЭК 9294-93",
	title = "Информационная технология. Руководство по управлению документированием программного обеспечения"
}

@book{iso-12207,
	author = "ISO/IEC 12207:2008 (ГОСТ Р)",
	title = "Системная и программная инженерия. Процессы жизненного цикла программных средств"
}

@book{methodVKR,
	author = "А.Б. Николаев",
	title = "Методические указания по выполнению выпускной квалификационной работы бакалавра техники и технологий по направлению <<Информатика и вычислительная техника>>",
	year = 2010,
	address = "Москва",
	publisher = "МАДИ",
	numpages = 17,
	language = "russian"
}

@book{methodVKR2,
	author = "В.А. Бархоткин",
	title = "Методические указания к выполнению выпускных бакалаврских работ по направлению 552800 «Информатика и вычислительная техника» по специальности 230101 65 «Вычислительные машины, комплексы, системы, сети»",
	year = 2006,
	address = "Москва",
	publisher = "МИЭТ",
	numpages = 15,
	language = "russian"
}

@book{methodVKRUrFU,
	author = "С.С. Соколов",
	title = "Рекомендации по оформлению курсовых, выпускных и дипломных проектов (работ)",
	year = 2010,
	address = "Екатеринбург",
	publisher = "УрФУ",
	numpages = 39,
	language = "russian"
}

   
@book{writeSQL,
	author = "К. Дж. Дейт",
	title = "SQL и реляционная теория. Как грамотно писать код на SQL",
	year = 2010,
	address = "М.",
	publisher = "Символ-плюс",
	numpages = 474,
	language = "russian"
}

@book{mssql2008,
	author = "Ицик Бен-Ган",
	title = "Microsoft SQL Server 2008. Основы T-SQL",
	year = 2009,
	address = "СПб.",
	publisher = "БХВ-Петербург",
	numpages = 430,
	language = "russian"
}
